@article{1,
	title={Principles of communication engineering.},
	author={Jacobs, Irwin Mark and Wozencraft, JM},
	year={1965}
}
@article{2,
	title={A rate-splitting approach to the Gaussian multiple-access channel},
	author={Rimoldi, Bixio and Urbanke, R{\"u}diger},
	journal={IEEE Transactions on Information Theory},
	volume={42},
	number={2},
	pages={364--375},
	year={1996},
	publisher={IEEE}
}
@book{3,
	title={Elements of information theory},
	author={Cover, Thomas M},
	year={1999},
	publisher={John Wiley \& Sons}
}
@book{4,
	title={Network information theory},
	author={El Gamal, Abbas and Kim, Young-Han},
	year={2011},
	publisher={Cambridge university press}
}